<record><leader>00000cas a22000007a 4500</leader><controlfield tag="001">11937383</controlfield><controlfield tag="008">850418d190u1908wiudn ne      0    0eng d</controlfield><datafield ind1=" " ind2=" " tag="010"><subfield code="a">sn 85040537 </subfield></datafield><datafield ind1=" " ind2=" " tag="040"><subfield code="a">NPV</subfield><subfield code="b">eng</subfield><subfield code="c">NPV</subfield><subfield code="d">OCLCQ</subfield><subfield code="d">IUL</subfield><subfield code="d">OCLCF</subfield><subfield code="d">OCLCA</subfield></datafield><datafield ind1=" " ind2=" " tag="042"><subfield code="a">msc</subfield></datafield><datafield ind1=" " ind2=" " tag="043"><subfield code="a">n-us-wi</subfield></datafield><datafield ind1=" " ind2=" " tag="045"><subfield code="a">x0x0</subfield></datafield><datafield ind1=" " ind2=" " tag="052"><subfield code="a">4123</subfield><subfield code="b">F6</subfield></datafield><datafield ind1="0" ind2="4" tag="245"><subfield code="a">The Daily commonwealth and the daily news.</subfield></datafield><datafield ind1="1" ind2="7" tag="246"><subfield code="a">Daily commonwealth</subfield></datafield><datafield ind1=" " ind2=" " tag="260"><subfield code="a">Fond du Lac, Wis. :</subfield><subfield code="b">P.B. Haber Printing,</subfield><subfield code="c">-1908.</subfield></datafield><datafield ind1=" " ind2=" " tag="300"><subfield code="a">v. :</subfield><subfield code="b">ill.</subfield></datafield><datafield ind1=" " ind2=" " tag="310"><subfield code="a">Daily (except Sun.)</subfield></datafield><datafield ind1="0" ind2=" " tag="362"><subfield code="a">-v. 39, no. 13 (Sept. 5, 1908).</subfield></datafield><datafield ind1=" " ind2=" " tag="588"><subfield code="a">Description based on: Vol. 32, no. 129 (Feb. 27, 1902).</subfield></datafield><datafield ind1=" " ind2="0" tag="651"><subfield code="a">Fond du Lac (Wis.)</subfield><subfield code="v">Newspapers.</subfield></datafield><datafield ind1=" " ind2="0" tag="651"><subfield code="a">Fond du Lac County (Wis.)</subfield><subfield code="v">Newspapers.</subfield></datafield><datafield ind1=" " ind2="7" tag="651"><subfield code="a">Wisconsin</subfield><subfield code="z">Fond du Lac.</subfield><subfield code="2">fast</subfield><subfield code="0">(OCoLC)fst01202767</subfield></datafield><datafield ind1=" " ind2="7" tag="651"><subfield code="a">Wisconsin</subfield><subfield code="z">Fond du Lac County.</subfield><subfield code="2">fast</subfield><subfield code="0">(OCoLC)fst01212939</subfield></datafield><datafield ind1=" " ind2="7" tag="655"><subfield code="a">Newspapers.</subfield><subfield code="2">fast</subfield><subfield code="0">(OCoLC)fst01423814</subfield></datafield><datafield ind1=" " ind2=" " tag="752"><subfield code="a">United States</subfield><subfield code="b">Wisconsin</subfield><subfield code="c">Fond du Lac</subfield><subfield code="d">Fond du Lac.</subfield></datafield><datafield ind1="0" ind2="4" tag="780"><subfield code="t">Daily commonwealth (Fond du Lac, Wis. : 1885)</subfield><subfield code="w">(DLC)sn 85040536</subfield><subfield code="w">(OCoLC)11937176</subfield></datafield><datafield ind1="0" ind2="4" tag="780"><subfield code="t">Daily news (Fond du Lac, Wis. : 1898)</subfield><subfield code="w">(DLC)sn 84024837</subfield><subfield code="w">(OCoLC)11416664</subfield></datafield><datafield ind1="0" ind2="7" tag="785"><subfield code="t">Daily bulletin (Fond du Lac, Wis.)</subfield></datafield><datafield ind1="0" ind2="7" tag="785"><subfield code="t">Daily commonwealth and the daily bulletin</subfield><subfield code="w">(DLC)sn 85040538</subfield><subfield code="w">(OCoLC)11937486</subfield></datafield></record>